@article{Reference1,
	Author = {M. Cobos, J. Ahrens, K. Kowalczyk and A. Politis},
	Journal = {EURASIP Journal on Audio, Speech, and Music Processing},
	Month = {5},
	Number = {1},
	Numpages = {10},
	Pages = {4477--4479},
	Title = {An Overview of Machine Learning and Other Data-based Methods for Spatial Audio Capture, Processing, and Reproduction},
	ISBN = {1687-4722},
	doi = {10.1186/s13636-022-00242-x},
	Year = {2022}}

@article{Reference2,
	title = "Spatial Sound Reproduction with Directional Audio Coding",
    author = "Ville Pulkki",
    year = "2007",
    volume = "55",
    pages = "503--516",
    journal = "Journal of the Audio Engineering Society",
    issn = "1549-4950",
    publisher = "Audio Engineering Society",
    number = "6"}

@article{Reference3,
	author={K. Kowalczyk, O. Thiergart, M. Taseska, G. D. Galdo, V.Pulkki, Emanuel A. P. Habets},
    journal={IEEE Signal Processing Magazine}, 
    title={Parametric Spatial Sound Processing: A flexible and efficient solution to sound scene acquisition, modification, and    reproduction}, 
    year={2015},
    volume={32},
    number={2},
    pages={31-42},
    doi={10.1109/MSP.2014.2369531}}
    
@unpublished{Reference4,
	author={EmanuÃ«l A. P. Habets and Oliver Thiergart},
    title={Parametric Spatial Audio Processing: An Overview and Recent Advances}, 
    year={2016},
    month = {6},
    note = {140th International Audio Engineer Society Convention},
    URL = {https://www.aes.org/events/140/tutorials/?ID=4927},
    }

@article{Reference5,
	author={Ravi, Renjith V. and Subramaniam, Kamalraj and Roshini, T. V. and Muthusamy, Sundar Prakash Balaji and Prasanna Venkatesan, G. K. D.},
    journal={Journal of Ambient Intelligence and Humanized Computing}, 
    title={Optimization algorithms, an effective tool for the design of digital filters; a review}, 
    year={2019},
    ISBN = {1868-5145},
    doi={10.1007/s12652-019-01431-x},}
    
@article{Reference6,
    author = {T. Hidaka, T. Okano and Leo Beranek},
    year = {1992},
    month = {10},
    title = {Interaural cross correlation (IACC) as a measure of spaciousness and envelopment in concert halls},
    volume = {92},
    journal = {Journal of The Acoustical Society of America - J ACOUST SOC AMER},
    doi = {10.1121/1.404472}}

@INPROCEEDINGS{Reference7,
    author = {Kimio Hamasaki, Koichiro Hiyama},
    year = {2003},
    month = {6},
    title = {Reproducing Spatial Impression With Multichannel Audio},
    volume = {19},
    journal = {24th International Conference: Multichannel Audio, The New Reality},}
    
@INPROCEEDINGS{Reference8,
  author={Mikko-Ville Laitinen and Ville Pulkki},
  booktitle={2009 IEEE Workshop on Applications of Signal Processing to Audio and Acoustics}, 
  title={Binaural reproduction for Directional Audio Coding}, 
  year={2009},
  pages={337-340},
  doi={10.1109/ASPAA.2009.5346545}}